{
  "timestamp": "2025-09-28T10:39:50.685562",
  "summary": {
    "total_orders": 13758,
    "total_revenue": "6457360.84",
    "unique_customers": 2,
    "date_range": {
      "start": "2019-08-27T13:53:37",
      "end": "2025-09-23T13:47:55"
    }
  },
  "financial_totals": {
    "order_total": "6457360.84",
    "order_subtotal": "4605016.06",
    "shipping_total": "563934.94",
    "shipping_tax_total": "139454.79",
    "tax_total": "1290250.61",
    "discount_total": "1840.77",
    "fee_total": "0",
    "fee_tax_total": "0"
  },
  "status_breakdown": {
    "processing": 6814,
    "pending": 410,
    "on-hold": 532,
    "completed": 5625,
    "cancelled": 377
  },
  "status_revenue": {
    "processing": "3555937.17",
    "pending": "304573.85",
    "on-hold": "707230.46",
    "completed": "1666364.88",
    "cancelled": "223254.48"
  },
  "monthly_summary": {
    "2025-07": {
      "orders": 92,
      "revenue": "90886.45"
    },
    "2025-06": {
      "orders": 74,
      "revenue": "55196.93"
    },
    "2025-05": {
      "orders": 94,
      "revenue": "95709.38"
    },
    "2025-04": {
      "orders": 111,
      "revenue": "154891.58"
    },
    "2025-03": {
      "orders": 97,
      "revenue": "85454.75"
    },
    "2025-02": {
      "orders": 46,
      "revenue": "64268.48"
    },
    "2025-01": {
      "orders": 38,
      "revenue": "50687.00"
    },
    "2024-12": {
      "orders": 55,
      "revenue": "71473.94"
    },
    "2024-11": {
      "orders": 23,
      "revenue": "24610.75"
    },
    "2024-10": {
      "orders": 16,
      "revenue": "43145.25"
    },
    "2024-09": {
      "orders": 28,
      "revenue": "25430.00"
    },
    "2024-08": {
      "orders": 53,
      "revenue": "37419.00"
    },
    "2024-07": {
      "orders": 24,
      "revenue": "43832.75"
    },
    "2024-06": {
      "orders": 22,
      "revenue": "16759.50"
    },
    "2024-05": {
      "orders": 23,
      "revenue": "15896.75"
    },
    "2024-04": {
      "orders": 23,
      "revenue": "16572.20"
    },
    "2024-03": {
      "orders": 55,
      "revenue": "104169.26"
    },
    "2024-02": {
      "orders": 115,
      "revenue": "93925.38"
    },
    "2024-01": {
      "orders": 83,
      "revenue": "73217.75"
    },
    "2023-12": {
      "orders": 68,
      "revenue": "48451.07"
    },
    "2023-11": {
      "orders": 281,
      "revenue": "153395.07"
    },
    "2023-10": {
      "orders": 382,
      "revenue": "183402.91"
    },
    "2023-09": {
      "orders": 357,
      "revenue": "120682.13"
    },
    "2023-08": {
      "orders": 411,
      "revenue": "184390.67"
    },
    "2023-07": {
      "orders": 331,
      "revenue": "122742.08"
    },
    "2023-06": {
      "orders": 270,
      "revenue": "75534.97"
    },
    "2023-05": {
      "orders": 297,
      "revenue": "77524.37"
    },
    "2023-04": {
      "orders": 238,
      "revenue": "67162.21"
    },
    "2023-03": {
      "orders": 282,
      "revenue": "106668.98"
    },
    "2023-02": {
      "orders": 228,
      "revenue": "76767.79"
    },
    "2023-01": {
      "orders": 266,
      "revenue": "86681.50"
    },
    "2022-12": {
      "orders": 158,
      "revenue": "58141.72"
    },
    "2022-11": {
      "orders": 212,
      "revenue": "66419.59"
    },
    "2022-10": {
      "orders": 213,
      "revenue": "72346.79"
    },
    "2022-09": {
      "orders": 254,
      "revenue": "102262.32"
    },
    "2022-08": {
      "orders": 290,
      "revenue": "90711.87"
    },
    "2022-07": {
      "orders": 216,
      "revenue": "61634.94"
    },
    "2022-06": {
      "orders": 250,
      "revenue": "89922.81"
    },
    "2022-05": {
      "orders": 260,
      "revenue": "86450.56"
    },
    "2022-04": {
      "orders": 242,
      "revenue": "83673.63"
    },
    "2022-03": {
      "orders": 280,
      "revenue": "139655.75"
    },
    "2022-02": {
      "orders": 235,
      "revenue": "92331.44"
    },
    "2022-01": {
      "orders": 272,
      "revenue": "99375.26"
    },
    "2021-12": {
      "orders": 187,
      "revenue": "64942.63"
    },
    "2021-11": {
      "orders": 256,
      "revenue": "139903.20"
    },
    "2021-10": {
      "orders": 211,
      "revenue": "71461.13"
    },
    "2021-09": {
      "orders": 229,
      "revenue": "104032.38"
    },
    "2021-08": {
      "orders": 361,
      "revenue": "146366.24"
    },
    "2021-07": {
      "orders": 251,
      "revenue": "77472.82"
    },
    "2021-06": {
      "orders": 215,
      "revenue": "68758.50"
    },
    "2021-05": {
      "orders": 197,
      "revenue": "49597.69"
    },
    "2021-04": {
      "orders": 246,
      "revenue": "62810.69"
    },
    "2021-03": {
      "orders": 264,
      "revenue": "89072.02"
    },
    "2021-02": {
      "orders": 255,
      "revenue": "77495.82"
    },
    "2021-01": {
      "orders": 379,
      "revenue": "148103.72"
    },
    "2020-12": {
      "orders": 233,
      "revenue": "119413.41"
    },
    "2020-11": {
      "orders": 247,
      "revenue": "102400.88"
    },
    "2020-10": {
      "orders": 272,
      "revenue": "150813.01"
    },
    "2020-09": {
      "orders": 219,
      "revenue": "148879.58"
    },
    "2020-08": {
      "orders": 275,
      "revenue": "108368.96"
    },
    "2020-07": {
      "orders": 262,
      "revenue": "120122.88"
    },
    "2020-06": {
      "orders": 225,
      "revenue": "92612.94"
    },
    "2020-05": {
      "orders": 239,
      "revenue": "148700.91"
    },
    "2020-04": {
      "orders": 253,
      "revenue": "151126.76"
    },
    "2020-03": {
      "orders": 172,
      "revenue": "85890.58"
    },
    "2020-02": {
      "orders": 137,
      "revenue": "82363.65"
    },
    "2020-01": {
      "orders": 178,
      "revenue": "98033.93"
    },
    "2019-12": {
      "orders": 117,
      "revenue": "44878.81"
    },
    "2019-11": {
      "orders": 131,
      "revenue": "94959.90"
    },
    "2019-10": {
      "orders": 108,
      "revenue": "73274.82"
    },
    "2019-09": {
      "orders": 73,
      "revenue": "72837.43"
    },
    "2019-08": {
      "orders": 6,
      "revenue": "862.76"
    },
    "2025-08": {
      "orders": 111,
      "revenue": "74538.00"
    },
    "2025-09": {
      "orders": 84,
      "revenue": "77387.26"
    }
  },
  "customer_metrics": {
    "unique_customers": 2,
    "repeat_customers": 2,
    "repeat_rate": 100.0
  }
}